<collection xmlns="http://www.loc.gov/MARC21/slim">
<record>
  <leader>01449nam0a2200301 i 450 </leader>
  <controlfield tag="001">IT\ICCU\CNCE\019443</controlfield>
  <controlfield tag="005">20070502000000.0</controlfield>
  <datafield tag="012" ind1=" " ind2=" ">
    <subfield code="a">t.is S.s. u,t, umt. (C) 1578 (R)</subfield>
    <subfield code="2">fei</subfield>
  </datafield>
  <datafield tag="100" ind1=" " ind2=" ">
    <subfield code="a">19970101d1578        0itac0103    ba</subfield>
  </datafield>
  <datafield tag="101" ind1=" " ind2=" ">
    <subfield code="a">LAT</subfield>
  </datafield>
  <datafield tag="102" ind1=" " ind2=" ">
    <subfield code="a">IT</subfield>
  </datafield>
  <datafield tag="200" ind1="1" ind2=" ">
    <subfield code="a">℗Publii Fontanae cognomento Vagi Academici Vertumni ℗Carmina Caesari Duccho iurecon. Acad. Occul. dd</subfield>
  </datafield>
  <datafield tag="210" ind1=" " ind2=" ">
    <subfield code="a">Brixiae</subfield>
    <subfield code="c">apud Iacobum Britannicum</subfield>
    <subfield code="d">1578</subfield>
  </datafield>
  <datafield tag="215" ind1=" " ind2=" ">
    <subfield code="a">\6! c.</subfield>
    <subfield code="d">4ʻ</subfield>
  </datafield>
  <datafield tag="620" ind1=" " ind2=" ">
    <subfield code="a">IT</subfield>
    <subfield code="d">Brescia</subfield>
  </datafield>
  <datafield tag="700" ind1=" " ind2="1">
    <subfield code="a">Fontana,</subfield>
    <subfield code="b">Marco Publio</subfield>
    <subfield code="3">IT\ICCU\CNCA\005480</subfield>
  </datafield>
  <datafield tag="712" ind1="0" ind2="0">
    <subfield code="a">Britannico, Giacomo</subfield>
    <subfield code="c"> &lt;2.&gt;</subfield>
    <subfield code="3">IT\ICCU\CNCT\000243</subfield>
    <subfield code="4">650</subfield>
  </datafield>
  <datafield tag="791" ind1="0" ind2="0">
    <subfield code="a">Britannicus, Iacobus</subfield>
    <subfield code="c"> &lt;2&gt;</subfield>
    <subfield code="3">IT\ICCU\CNCT\004778</subfield>
    <subfield code="z">Britannico, Giacomo &lt;2.&gt;</subfield>
  </datafield>
  <datafield tag="791" ind1="0" ind2="0">
    <subfield code="a">Britanico, Jacobo</subfield>
    <subfield code="3">IT\ICCU\CNCT\004779</subfield>
    <subfield code="z">Britannico, Giacomo &lt;2.&gt;</subfield>
  </datafield>
  <datafield tag="801" ind1=" " ind2="3">
    <subfield code="a">IT</subfield>
    <subfield code="b">ICCU</subfield>
    <subfield code="c">20201114</subfield>
  </datafield>
  <datafield tag="899" ind1=" " ind2=" ">
    <subfield code="a">Biblioteca dell&apos;Archivio storico regionale. Aosta</subfield>
    <subfield code="1">AO0006</subfield>
    <subfield code="2">TO0 88</subfield>
  </datafield>
  <datafield tag="899" ind1=" " ind2=" ">
    <subfield code="a">Biblioteca civica Queriniana. Brescia</subfield>
    <subfield code="1">BS0026</subfield>
    <subfield code="2">ZBS 01</subfield>
  </datafield>
  <datafield tag="899" ind1=" " ind2=" ">
    <subfield code="a">Biblioteca statale. Cremona</subfield>
    <subfield code="1">CR0062</subfield>
    <subfield code="2">LO1 28</subfield>
  </datafield>
  <datafield tag="899" ind1=" " ind2=" ">
    <subfield code="a">Biblioteca nazionale centrale. Firenze</subfield>
    <subfield code="1">FI0098</subfield>
    <subfield code="2">CFI CF</subfield>
  </datafield>
  <datafield tag="899" ind1=" " ind2=" ">
    <subfield code="a">Biblioteca civica Aprosiana. Ventimiglia</subfield>
    <subfield code="1">IM0038</subfield>
    <subfield code="2">LI3 VM</subfield>
  </datafield>
  <datafield tag="899" ind1=" " ind2=" ">
    <subfield code="a">Biblioteca nazionale Marciana. Venezia</subfield>
    <subfield code="1">VE0049</subfield>
    <subfield code="2">VEA BM</subfield>
  </datafield>
  <datafield tag="911" ind1=" " ind2=" ">
    <subfield code="a">Sul front.</subfield>
    <subfield code="9">IT\ICCU\CNCM\000353</subfield>
  </datafield>
  <datafield tag="921" ind1=" " ind2=" ">
    <subfield code="a">IT\ICCU\CNCM\000353</subfield>
    <subfield code="b">Grifone che regge con l&apos;artiglio una pietra alla quale  ̈incatenato un globo alato.</subfield>
    <subfield code="c">V24</subfield>
    <subfield code="d">Dimensioni: 2,7 x 4,5</subfield>
    <subfield code="f">GRIFONE</subfield>
    <subfield code="f">SFERA</subfield>
    <subfield code="g">1563-1600</subfield>
  </datafield>
</record>
</collection>
